@misc{ UNCC-ECE-Dept:2023,
    Author = "{UNCC ECE Department}",
    title = "Time Constant of an RC Circuit",
    Year = "2023",
    howpubished="https://ece.charlotte.edu/wp-content/uploads/sites/301/2023/05/ecgr2155-experiment-10-time-constant-of-an-rc-circuit.pdf",
    note = "[Online; accessed 21 November 2023]"
}